@inproceedings{ref,
 author = {Kamara, Seny and Papamanthou, Charalampos and Roeder, Tom},
 title = {Dynamic Searchable Symmetric Encryption},
 booktitle = {Proceedings of the 2012 ACM Conference on Computer and Communications Security},
 series = {CCS '12},
 year = {2012},
 isbn = {978-1-4503-1651-4},
 location = {Raleigh, North Carolina, USA},
 pages = {965--976},
 numpages = {12},
 url = {http://doi.acm.org/10.1145/2382196.2382298},
 doi = {10.1145/2382196.2382298},
 acmid = {2382298},
 publisher = {ACM},
 address = {New York, NY, USA},
 keywords = {cloud computing, cloud storage, searchable symmetric encryption},
} 
