@techreport{rfc4880,
	author="J. Callas and L. Donnerhacke and H. Finney and D. Shaw and R. Thayer",
	title="{OpenPGP Message Format}",
	howpublished={Internet Requests for Comments},
	type="{RFC}",
	number=4880,
	pages={1--90},
	year={2007},
	month={November},
	issn={2070-1721},
	publisher="{RFC Editor}",
	institution="{RFC Editor}",
	url={http://www.rfc-editor.org/rfc/rfc4880.txt}
}

