@inproceedings{kamara2012dynamic,
  title={Dynamic searchable symmetric encryption},
  author={Kamara, Seny and Papamanthou, Charalampos and Roeder, Tom},
  booktitle={Proceedings of the 2012 ACM conference on Computer and communications security},
  pages={965--976},
  year={2012},
  organization={ACM}
}

@article{bosch2014survey,
  title={A survey of provably secure searchable encryption},
  author={B{\"o}sch, Christoph and Hartel, Pieter and Jonker, Willem and Peter, Andreas},
  journal={ACM Computing Surveys (CSUR)},
  volume={47},
  number={2},
  pages={18},
  year={2014},
  publisher={ACM}
}
